// Bibliografias Victor Locatelli


//Tecnologia Mecância
@book{garcia00,
    author = {Garcia, Amauri and Spim, Jaime Alvares and dos Santos, Carlos Alexandre},
    title = {Ensaios dos materiais},
    edition = {2},
    address = {Rio de Janeiro},
    publisher = {Livros Técnicos e científicos},
    year = {2000}
}

    //Tecnologia Mecância
@manual{marinho2009,
    address={Rio de Janeiro},
    organization={Fundação Roberto Marinho},
    pages={240},
    subtitle={profissionalizante de mecânica},
    title={Ensaios de materiais},
    year={2009}
}

    // Processos de Fabricação II
@book{kiminami13,
    author = {Claudio Shyinti Kiminami and Walmar Benício de Castro and Marcelo Falcão de Oliveira},
    title = {Introdução aos processos de fabricação de produtos metálicos},
    //subtitle = {},
    //edition = {},
    location = {São Paulo},
    publisher = {Blücher},
    year = {2013},
}

@book{helman13,
    author = {Horacio Helman and Paulo Roberto Cetlin},
    title = {Fundamentos da conformação mecânica dos metais},
    edition = {2},
    location = {São Paulo},
    publisher = {Artliber},
    year = {2013},
}
